@misc{ifc,
  title        = {Industry Foundation Classes (IFC) Specification},
  howpublished = {\url{https://technical.buildingsmart.org/standards/ifc}},
  note         = {Accessed: \today}
}

@misc{neo4j,
  title        = {Neo4j Graph Database},
  howpublished = {\url{https://neo4j.com/}},
  note         = {Accessed: \today}
}

@article{ragSurvey,
  author       = {Placeholder, A. and Placeholder, B.},
  title        = {A Survey of Retrieval-Augmented Generation},
  journal      = {arXiv preprint arXiv:XXXX.XXXXX},
  year         = {2023}
}

